@book{kondo:2011,
  title     = {定本 Java プログラマのためのアルゴリズムとデータ構造},
  author    = {近藤嘉雪},
  yomi      = {Kondo Yoshiyuki},
  year      = {2011},
  publisher = {ソフトバンククリエイティブ}
}
@book{kondo:1998,
  title     = {定本 {C} プログラマのためのアルゴリズムとデータ構造},
  author    = {近藤嘉雪},
  yomi      = {Kondo Yoshiyuki},
  publisher = {ソフトバンククリエイティブ株式会社, 東京},
  year      = {1998}
}